@Article{DRL_incomplete_info_constraints,
  author    = {Andriotis, CP and Papakonstantinou, KG},
  journal   = {Reliability Engineering \& System Safety},
  title     = {Deep reinforcement learning driven inspection and maintenance planning under incomplete information and constraints},
  year      = {2021},
  pages     = {107551},
  volume    = {212},
  file      = {:Data/DRL driven inspection and maintenance planning under incomplete information and constraints (2020).pdf:PDF},
  groups    = {RL for maintenance, Journals, Transition matrix estimation, First paper, Second paper, Doctoral_symposiim, second year},
  publisher = {Elsevier},
}

@Article{DRL_dependent_competing_risks,
  author    = {Zhang, Nailong and Si, Wujun},
  journal   = {Reliability Engineering \& System Safety},
  title     = {Deep reinforcement learning for condition-based maintenance planning of multi-component systems under dependent competing risks},
  year      = {2020},
  pages     = {107094},
  volume    = {203},
  file      = {:Data/DRL for learning for condition-based maintenance planning of multi-component systems under dependent competing risks (2020).pdf:PDF},
  groups    = {RL, First paper, RL for maintenance, Content preparation, Revision_1, ESREL_2021, Second paper, Doctoral_symposiim, second year},
  publisher = {Elsevier},
}

@Article{DRL_selective_maintenance_multi_state_system,
  author    = {Liu, Yu and Chen, Yiming and Jiang, Tao},
  journal   = {European Journal of Operational Research},
  title     = {Dynamic selective maintenance optimization for multi-state systems over a finite horizon: A deep reinforcement learning approach},
  year      = {2019},
  number    = {1},
  pages     = {166--181},
  volume    = {283},
  file      = {:Data/Dynamic selective maintenance optimization for multi-state systems over a finite horizon - A DRL approach (2020).pdf:PDF},
  groups    = {First paper, RL for maintenance, Content preparation, Second paper},
  publisher = {Elsevier},
}

@Article{System_large_state_action_DRL,
  author    = {Andriotis, CP and Papakonstantinou, KG},
  journal   = {Reliability Engineering \& System Safety},
  title     = {Managing engineering systems with large state and action spaces through deep reinforcement learning},
  year      = {2019},
  pages     = {106483},
  volume    = {191},
  file      = {:Data/Managing engineering systems with large state and action spaces through DRL (2019).pdf:PDF},
  groups    = {RL for maintenance, Content preparation, First paper, Second paper},
  publisher = {Elsevier},
}

@Article{DRL_production_lines,
  author    = {Huang, Jing and Chang, Qing and Arinez, Jorge},
  journal   = {Expert Systems with Applications},
  title     = {Deep reinforcement learning based preventive maintenance policy for serial production lines},
  year      = {2020},
  pages     = {113701},
  volume    = {160},
  file      = {:Data/DRL based preventive maintenance policy for serial production lines (2020).pdf:PDF},
  groups    = {First paper, RL for maintenance, Content preparation, Revision_1, ESREL_2021, Second paper, Doctoral_symposiim, second year},
  publisher = {Elsevier},
}

@Book{RL_An_introduction,
  author    = {Sutton, Richard S and Barto, Andrew G},
  publisher = {MIT press},
  title     = {Reinforcement learning: An introduction},
  year      = {2018},
  groups    = {RL books, First paper, ESREL_2021, Second paper, second year},
}

@Article{CBM_Imperfect_maintenance,
  author    = {Van, Phuc Do and B{\'e}renguer, Christophe},
  journal   = {Quality and Reliability Engineering International},
  title     = {Condition-based maintenance with imperfect preventive repairs for a deteriorating production system},
  year      = {2012},
  number    = {6},
  pages     = {624--633},
  volume    = {28},
  file      = {:Data/Condition-based maintenance with imperfect preventive reparis for a deteriorating production system.pdf:PDF},
  groups    = {First paper, Revision_1, Second paper, second year},
  publisher = {Wiley Online Library},
}

@Article{Review_optimal_maint_multi_component,
  author    = {Nicolai, Robin P and Dekker, Rommert},
  journal   = {Complex system maintenance handbook},
  title     = {Optimal maintenance of multi-component systems: a review},
  year      = {2008},
  pages     = {263--286},
  file      = {:Data/Optimal maintenance of multi-component system -- A review.pdf:PDF},
  groups    = {First paper, PHM_E22, Second paper, Doctoral_symposiim, second year},
  publisher = {Springer},
}

@Article{Joint_opt_monitoring_quality,
  author    = {Nguyen, Khanh TP and Do, Phuc and Huynh, Khac Tuan and B{\'e}renguer, Christophe and Grall, Antoine},
  journal   = {Reliability Engineering \& System Safety},
  title     = {Joint optimization of monitoring quality and replacement decisions in condition-based maintenance},
  year      = {2019},
  pages     = {177--195},
  volume    = {189},
  file      = {:Data/Joint optimization pf monitoring quality and replacement decisions in condition-based maintenance.pdf:PDF},
  groups    = {Second paper},
  publisher = {Elsevier},
}

@Book{System_Reliability_Theory_2003,
  author    = {Rausand, Marvin and Hoyland, Arnljot},
  publisher = {John Wiley \& Sons},
  title     = {System reliability theory: models, statistical methods, and applications},
  year      = {2003},
  volume    = {396},
  groups    = {First paper, Second paper, Doctoral_symposiim},
}

@Article{CBM_Economic_Dependence_Load_Sharing,
  author    = {Keizer, Minou CA Olde and Teunter, Ruud H and Veldman, Jasper and Babai, M Zied},
  journal   = {International Journal of Production Economics},
  title     = {Condition-based maintenance for systems with economic dependence and load sharing},
  year      = {2018},
  pages     = {319--327},
  volume    = {195},
  file      = {:Data/CBM for systems with economic dependence and load sharing.pdf:PDF},
  groups    = {First paper, Second paper, Doctoral_symposiim},
  publisher = {Elsevier},
}

@Article{CBM_degradation_state_rate_interaction_2016,
  author    = {Rasmekomen, Nipat and Parlikad, Ajith Kumar},
  journal   = {Reliability Engineering \& System Safety},
  title     = {Condition-based maintenance of multi-component systems with degradation state-rate interactions},
  year      = {2016},
  pages     = {1--10},
  volume    = {148},
  file      = {:Data/CBM of multi-component systems with degradation state-rate interactions.pdf:PDF},
  groups    = {First paper, Stochastic dependence, Content preparation, Second paper, Doctoral_symposiim, second year},
  publisher = {Elsevier},
}

@Article{Review_TBM_CBM_2012,
  author    = {Ahmad, Rosmaini and Kamaruddin, Shahrul},
  journal   = {Computers \& industrial engineering},
  title     = {An overview of time-based and condition-based maintenance in industrial application},
  year      = {2012},
  number    = {1},
  pages     = {135--149},
  volume    = {63},
  file      = {:Data/An overview of time-based and condition-based maintenance in industrial application.pdf:PDF},
  groups    = {First paper, Content preparation, Second paper},
  publisher = {Elsevier},
}

@Article{CBM_multiple_dependent_review_2017,
  author    = {Keizer, Minou CA Olde and Flapper, Simme Douwe P and Teunter, Ruud H},
  journal   = {European Journal of Operational Research},
  title     = {Condition-based maintenance policies for systems with multiple dependent components: A review},
  year      = {2017},
  number    = {2},
  pages     = {405--420},
  volume    = {261},
  file      = {:Data/Condition-based maintenance policies for systems with multiple dependent components - A review.pdf:PDF},
  groups    = {First paper, PHM_E22, Second paper, Doctoral_symposiim, second year},
  publisher = {Elsevier},
}

@Article{Modeling_2_component_Do_2019,
  author    = {Do, Phuc and Assaf, Roy and Scarf, Phil and Iung, Benoit},
  journal   = {Reliability Engineering \& System Safety},
  title     = {Modelling and application of condition-based maintenance for a two-component system with stochastic and economic dependencies},
  year      = {2019},
  pages     = {86--97},
  volume    = {182},
  file      = {:Data/Modelling and application of condition-based maintenance for a two-component system with stochastic and economic dependencies.pdf:PDF},
  groups    = {First paper, Content preparation, Stochastic dependence, Second paper, Doctoral_symposiim, second year},
  publisher = {Elsevier},
}

@InProceedings{Dueling_DQL,
  author       = {Wang, Ziyu and Schaul, Tom and Hessel, Matteo and Hasselt, Hado and Lanctot, Marc and Freitas, Nando},
  booktitle    = {International conference on machine learning},
  title        = {Dueling network architectures for deep reinforcement learning},
  year         = {2016},
  organization = {PMLR},
  pages        = {1995--2003},
  file         = {:Data/Dueling Network architechtures for deep reinforcement learning.pdf:PDF},
  groups       = {PHM_E22, Revision 2, Second paper, second year, First paper},
}

@InProceedings{Action_braching_DRL,
  author    = {Tavakoli, Arash and Pardo, Fabio and Kormushev, Petar},
  booktitle = {Proceedings of the AAAI Conference on Artificial Intelligence},
  title     = {Action branching architectures for deep reinforcement learning},
  year      = {2018},
  number    = {1},
  volume    = {32},
  file      = {:Data/Action branching archtectures for deep reinforcement learning.pdf:PDF},
  groups    = {First paper, PHM_E22, Content preparation, Second paper, Doctoral_symposiim, Revision 2, second year},
}

@Article{Maintenance_HRL_2021,
  author    = {Zhou, Yifan and Li, Bangcheng and Lin, Tian Ran},
  journal   = {Reliability Engineering \& System Safety},
  title     = {Maintenance optimisation of multicomponent systems using hierarchical coordinated reinforcement learning},
  year      = {2021},
  pages     = {108078},
  file      = {:Data/Maintenance optimisation of multi-component systems using hierarchical coordinated reinfrocement learning.pdf:PDF},
  groups    = {RL for maintenance, First paper, Second paper, Doctoral_symposiim},
  publisher = {Elsevier},
}

@Article{VDN_MARL,
  author  = {Sunehag, Peter and Lever, Guy and Gruslys, Audrunas and Czarnecki, Wojciech Marian and Zambaldi, Vinicius and Jaderberg, Max and Lanctot, Marc and Sonnerat, Nicolas and Leibo, Joel Z and Tuyls, Karl and others},
  journal = {ArXiv},
  title   = {Value-decomposition networks for cooperative multi-agent learning},
  year    = {2017},
  file    = {:Data/Value-decomposition networks for cooperative multi-agent learning.pdf:PDF},
  groups  = {MARL, First paper, Second paper},
}

@InProceedings{QMIX,
  author       = {Rashid, Tabish and Samvelyan, Mikayel and Schroeder, Christian and Farquhar, Gregory and Foerster, Jakob and Whiteson, Shimon},
  booktitle    = {International Conference on Machine Learning},
  title        = {Qmix: Monotonic value function factorisation for deep multi-agent reinforcement learning},
  year         = {2018},
  organization = {PMLR},
  pages        = {4295--4304},
  file         = {:Data/QMIX - Monotonic value function factorisation for deep mult-agent reinforcement learning.pdf:PDF},
  groups       = {MARL, First paper, Second paper, second year},
}

@Article{WQMIX,
  author  = {Rashid, Tabish and Farquhar, Gregory and Peng, Bei and Whiteson, Shimon},
  journal = {Advances in Neural Information Processing Systems},
  title   = {Weighted qmix: Expanding monotonic value function factorisation for deep multi-agent reinforcement learning},
  year    = {2020},
  file    = {:Data/Weighted QMIX - Expanding monotonic value function factorisation for deep multi-agent reinforcement learning.pdf:PDF},
  groups  = {MARL, PHM_E22, Second paper, Doctoral_symposiim, second year},
}

@Article{Hyper_networks_2016,
  author  = {Ha, David and Dai, Andrew and Le, Quoc V},
  journal = {arXiv preprint arXiv:1609.09106},
  title   = {Hypernetworks},
  year    = {2016},
  file    = {:Data/Hyper Networks.pdf:PDF},
  groups  = {Second paper, second year},
}

@Article{DRL_renewable_systems_2021,
  author    = {Pinciroli, Luca and Baraldi, Piero and Ballabio, Guido and Compare, Michele and Zio, Enrico},
  journal   = {Renewable Energy},
  title     = {Optimization of the Operation and Maintenance of renewable energy systems by Deep Reinforcement Learning},
  year      = {2021},
  file      = {:Data/Optimization of the operation and maintenance of renewable energy systems by deep reinforcement learning.pdf:PDF},
  groups    = {First paper, Second paper},
  publisher = {Elsevier},
}

@Article{DRL_power_grid_2019,
  author    = {Rocchetta, Roberto and Bellani, L and Compare, M and Zio, Enrico and Patelli, E},
  journal   = {Applied energy},
  title     = {A reinforcement learning framework for optimal operation and maintenance of power grids},
  year      = {2019},
  pages     = {291--301},
  volume    = {241},
  file      = {:Data/A reinforcement learning framework for optimal operation and maintenance of power grids.pdf:PDF},
  groups    = {First paper, Second paper},
  publisher = {Elsevier},
}

@Article{DMARL_multi_level_PM_2022,
  author    = {Su, Jianyu and Huang, Jing and Adams, Stephen and Chang, Qing and Beling, Peter A},
  journal   = {Expert systems with applications},
  title     = {Deep multi-agent reinforcement learning for multi-level preventive maintenance in manufacturing systems},
  year      = {2022},
  issn      = {0957-4174},
  volume    = {192},
  address   = {[Oxford ; New York] :},
  file      = {:Data/DMRL for multi-level preventive maintenance in manufacturing systems.pdf:PDF},
  groups    = {RL for maintenance, Revision 2, Second paper},
  lccn      = {2003242040},
  publisher = {Pergamon},
}

@Article{Wang_stochastic_economic_2022,
  author    = {Wang, Yukun and Li, Xiaopeng and Chen, Junyan and Liu, Yiliu},
  journal   = {Reliability Engineering \& System Safety},
  title     = {A condition-based maintenance policy for multi-component systems subject to stochastic and economic dependencies},
  year      = {2022},
  pages     = {108174},
  volume    = {219},
  file      = {:Data/A CBM policy for multi-component systems subject to stochastic and economic dependencies.pdf:PDF},
  groups    = {Content preparation, Stochastic dependence, Second paper, Doctoral_symposiim, second year},
  publisher = {Elsevier},
}

@Article{Win_1997,
  author    = {Wijnmalen, Diederik JD and Hontelez, Jan AM},
  journal   = {European Journal of Operational Research},
  title     = {Coordinated condition-based repair strategies for components of a multi-component maintenance system with discounts},
  year      = {1997},
  number    = {1},
  pages     = {52--63},
  volume    = {98},
  file      = {:Data/Coordinated condition-based repair strategies for components of a multi-component maintenance system with discounts.pdf:PDF},
  groups    = {Second paper, second year},
  publisher = {Elsevier},
}

@Article{Bian_2014_degrdation_rate,
  author    = {Bian, Linkan and Gebraeel, Nagi},
  journal   = {Naval Research Logistics (NRL)},
  title     = {Stochastic framework for partially degradation systems with continuous component degradation-rate-interactions},
  year      = {2014},
  number    = {4},
  pages     = {286--303},
  volume    = {61},
  file      = {:Data/Stochastic framework for partially degradation systems with continuous component degradation-rate interaction.pdf:PDF},
  groups    = {Stochastic dependence, Second paper, Doctoral_symposiim, second year},
  publisher = {Wiley Online Library},
}

@Article{CBM_tools_1995,
  author    = {Tsang, Albert HC},
  journal   = {Journal of quality in maintenance engineering},
  title     = {Condition-based maintenance: tools and decision making},
  year      = {1995},
  file      = {:Data/Condition-based maintenance tools and decision-making.pdf:PDF},
  groups    = {Content preparation, Second paper},
  publisher = {MCB UP Ltd},
}

@Article{CBM_Oakley_2022,
  author    = {Oakley, Jordan L and Wilson, Kevin J and Philipson, Pete},
  journal   = {Reliability Engineering \& System Safety},
  title     = {A condition-based maintenance policy for continuously monitored multi-component systems with economic and stochastic dependence},
  year      = {2022},
  pages     = {108321},
  file      = {:Data/A condition-based maintenance policy for continuously monitored multi-component systems with economic and stochastic dependence.pdf:PDF},
  groups    = {Content preparation, Stochastic dependence, Second paper, second year},
  publisher = {Elsevier},
}

@Article{Rasmekomen_2014,
  author    = {Rasmekomen, Nipat and Parlikad, Ajith K},
  journal   = {IFAC Proceedings Volumes},
  title     = {Optimising maintenance of multi-component systems with degradation interactions},
  year      = {2014},
  number    = {3},
  pages     = {7098--7103},
  volume    = {47},
  file      = {:Data/Optimising maintenance of multi-component systems with degradation interaction.pdf:PDF},
  groups    = {Stochastic dependence, Content preparation, Second paper, Doctoral_symposiim, second year},
  publisher = {Elsevier},
}

@Article{Review_economic_1997,
  author    = {Dekker, Rommert and Wildeman, Ralph E and Van der Duyn Schouten, Frank A},
  journal   = {Mathematical methods of operations research},
  title     = {A review of multi-component maintenance models with economic dependence},
  year      = {1997},
  number    = {3},
  pages     = {411--435},
  volume    = {45},
  groups    = {Second paper},
  publisher = {Springer},
}

@Article{Survey_replacement_1986,
  author    = {Thomas, LC},
  journal   = {Reliability Engineering},
  title     = {A survey of maintenance and replacement models for maintainability and reliability of multi-item systems},
  year      = {1986},
  number    = {4},
  pages     = {297--309},
  volume    = {16},
  groups    = {Second paper},
  publisher = {Elsevier},
}
